<?xml version="1.0" encoding="UTF-8"?><collection xmlns="http://www.loc.gov/MARC21/slim"><record><leader>00468nam--2200157-i-4500</leader><controlfield tag="001">000020707</controlfield><controlfield tag="002">20161230</controlfield><controlfield tag="005">20161230201033</controlfield><controlfield tag="008">060222s1000------------r-----000-0-eng-d</controlfield><datafield ind1=" " ind2=" " tag="020"><subfield code="a">0-87590-</subfield></datafield><datafield ind1=" " ind2=" " tag="080"><subfield code="a">52-726</subfield></datafield><datafield ind1=" " ind2=" " tag="245"><subfield code="a">Space plasmas: coupling between small and medium scale processes</subfield></datafield><datafield ind1=" " ind2=" " tag="260"><subfield code="a">Washington, American Geophysical Union, 1995 390 P</subfield></datafield><datafield ind1=" " ind2=" " tag="490"><subfield code="a">Geophysical Monograph</subfield></datafield><datafield ind1=" " ind2=" " tag="700"><subfield code="a">Maha Ashour-abdalla, Tom Chang, Paul Dusenbery</subfield></datafield><datafield ind1=" " ind2=" " tag="852"><subfield code="a">29176</subfield></datafield></record></collection>